@article {AB,
	AUTHOR = {Andreatta, Marco and Ballico, Edoardo},
	TITLE = {Projectively normal adjunction surfaces},
	JOURNAL = {Proc. Amer. Math. Soc.},
	FJOURNAL = {Proceedings of the American Mathematical Society},
	VOLUME = {112},
	YEAR = {1991},
	NUMBER = {4},
	PAGES = {919--924},
	ISSN = {0002-9939},
	MRCLASS = {14J25},
	MRNUMBER = {1057947},
	MRREVIEWER = {Elvira Laura Livorni},
	DOI = {10.2307/2048635},
	URL = {https://doi-org.ezproxy.uvm.edu/10.2307/2048635},
}

@book {DF,
	AUTHOR = {Dummit, David S. and Foote, Richard M.},
	TITLE = {Abstract algebra},
	EDITION = {Third},
	PUBLISHER = {John Wiley \& Sons, Inc., Hoboken, NJ},
	YEAR = {2004},
	PAGES = {xii+932},
	ISBN = {0-471-43334-9},
	MRCLASS = {00-01 (16-01 20-01)},
	MRNUMBER = {2286236},
}

@book {EB,
	AUTHOR = {Eisenbud, David},
	TITLE = {Commutative algebra},
	SERIES = {Graduate Texts in Mathematics},
	VOLUME = {150},
	NOTE = {With a view toward algebraic geometry},
	PUBLISHER = {Springer-Verlag, New York},
	YEAR = {1995},
	PAGES = {xvi+785},
	ISBN = {0-387-94268-8; 0-387-94269-6},
	MRCLASS = {13-01 (14A05)},
	MRNUMBER = {1322960},
	MRREVIEWER = {Matthew Miller},
	DOI = {10.1007/978-1-4612-5350-1},
	URL = {https://doi-org.ezproxy.uvm.edu/10.1007/978-1-4612-5350-1},
}

@book {3264,
	AUTHOR = {Eisenbud, David and Harris, Joe},
	TITLE = {3264 and all that---a second course in algebraic geometry},
	PUBLISHER = {Cambridge University Press, Cambridge},
	YEAR = {2016},
	PAGES = {xiv+616},
	ISBN = {978-1-107-60272-4; 978-1-107-01708-5},
	MRCLASS = {14-01 (14C15 14M15 14N10)},
	MRNUMBER = {3617981},
	MRREVIEWER = {Arnaud Beauville},
	DOI = {10.1017/CBO9781139062046},
	URL = {https://doi-org.ezproxy.uvm.edu/10.1017/CBO9781139062046},
}

@article {AG,
	AUTHOR = {Grassi, Antonella},
	TITLE = {Birational geometry old and new},
	JOURNAL = {Bull. Amer. Math. Soc. (N.S.)},
	FJOURNAL = {American Mathematical Society. Bulletin. New Series},
	VOLUME = {46},
	YEAR = {2009},
	NUMBER = {1},
	PAGES = {99--123},
	ISSN = {0273-0979},
	MRCLASS = {14E30 (14J40)},
	MRNUMBER = {2457073},
	MRREVIEWER = {Mark Gross},
	DOI = {10.1090/S0273-0979-08-01233-0},
	URL = {https://doi-org.ezproxy.uvm.edu/10.1090/S0273-0979-08-01233-0},
}

@article {LG,
	AUTHOR = {Garc\'{\i}a, Luis Fuentes},
	TITLE = {Projective normality of abelian surfaces of type {$(1,2d)$}},
	JOURNAL = {Manuscripta Math.},
	FJOURNAL = {Manuscripta Mathematica},
	VOLUME = {114},
	YEAR = {2004},
	NUMBER = {3},
	PAGES = {385--390},
	ISSN = {0025-2611},
	MRCLASS = {14K05 (14N05)},
	MRNUMBER = {2076454},
	DOI = {10.1007/s00229-004-0466-9},
	URL = {https://doi-org.ezproxy.uvm.edu/10.1007/s00229-004-0466-9},
}

@incollection {Green-Laz-simple-Petri,
	AUTHOR = {Green, Mark and Lazarsfeld, Robert},
	TITLE = {A simple proof of {P}etri's theorem on canonical curves},
	BOOKTITLE = {Geometry today ({R}ome, 1984)},
	SERIES = {Progr. Math.},
	VOLUME = {60},
	PAGES = {129--142},
	PUBLISHER = {Birkh\"{a}user Boston, Boston, MA},
	YEAR = {1985},
	MRCLASS = {14H45 (14C20)},
	MRNUMBER = {895152},
	MRREVIEWER = {Ciro Ciliberto},
}

@article {Green-koszul-cohom-geom-proj-varities,
	AUTHOR = {Green, Mark L.},
	TITLE = {Koszul cohomology and the geometry of projective varieties.
		{II}},
	JOURNAL = {J. Differential Geom.},
	FJOURNAL = {Journal of Differential Geometry},
	VOLUME = {20},
	YEAR = {1984},
	NUMBER = {1},
	PAGES = {279--289},
	ISSN = {0022-040X},
	MRCLASS = {14F05 (14J05 32G13)},
	MRNUMBER = {772134},
	MRREVIEWER = {G. Horrocks},
	URL = {http://projecteuclid.org.ezproxy.uvm.edu/euclid.jdg/1214439000},
}

@incollection {HK,
	AUTHOR = {Hu, Yi and Keel, Sean},
	TITLE = {Mori dream spaces and {GIT}},
	NOTE = {Dedicated to William Fulton on the occasion of his 60th
		birthday},
	JOURNAL = {Michigan Math. J.},
	FJOURNAL = {Michigan Mathematical Journal},
	VOLUME = {48},
	YEAR = {2000},
	PAGES = {331--348},
	ISSN = {0026-2285},
	MRCLASS = {14L24 (14E30)},
	MRNUMBER = {1786494},
	MRREVIEWER = {P. E. Newstead},
	DOI = {10.1307/mmj/1030132722},
	URL = {https://doi-org.ezproxy.uvm.edu/10.1307/mmj/1030132722},
}

@article {LRZ,
	AUTHOR = {Landesman, Aaron and Ruhm, Peter and Zhang, Robin},
	TITLE = {Section rings of {$\Bbb Q$}-divisors on minimal rational
		surfaces},
	JOURNAL = {Math. Res. Lett.},
	FJOURNAL = {Mathematical Research Letters},
	VOLUME = {25},
	YEAR = {2018},
	NUMBER = {4},
	PAGES = {1329--1357},
	ISSN = {1073-2780},
	MRCLASS = {14C20 (11F41 14J26)},
	MRNUMBER = {3882166},
	MRREVIEWER = {Krishna Hanumanthu},
	DOI = {10.4310/MRL.2018.v25.n4.a13},
	URL = {https://doi-org.ezproxy.uvm.edu/10.4310/MRL.2018.v25.n4.a13},
}

@book {MFD,
	AUTHOR = {Mumford, David},
	TITLE = {The red book of varieties and schemes},
	SERIES = {Lecture Notes in Mathematics},
	VOLUME = {1358},
	EDITION = {expanded},
	NOTE = {Includes the Michigan lectures (1974) on curves and their
		Jacobians,
		With contributions by Enrico Arbarello},
	PUBLISHER = {Springer-Verlag, Berlin},
	YEAR = {1999},
	PAGES = {x+306},
	ISBN = {3-540-63293-X},
	MRCLASS = {14-01 (14A15 14H40 14H42)},
	MRNUMBER = {1748380},
	MRREVIEWER = {Arnaud Beauville},
	DOI = {10.1007/b62130},
	URL = {https://doi-org.ezproxy.uvm.edu/10.1007/b62130},
}

@article {MFD2,
	AUTHOR = {Mumford, D.},
	TITLE = {Pathologies. {III}},
	JOURNAL = {Amer. J. Math.},
	FJOURNAL = {American Journal of Mathematics},
	VOLUME = {89},
	YEAR = {1967},
	PAGES = {94--104},
	ISSN = {0002-9327},
	MRCLASS = {14.55},
	MRNUMBER = {217091},
	MRREVIEWER = {J. W. S. Cassels},
	DOI = {10.2307/2373099},
	URL = {https://doi-org.ezproxy.uvm.edu/10.2307/2373099},
}

@incollection{KU,
	AUTHOR = {Ueno, Kenji},
	TITLE = {Introduction to classification theory of algebraic varieties
		and compact complex spaces},
	BOOKTITLE = {Classification of algebraic varieties and compact complex
		manifolds},
	PAGES = {288--332. Lecture Notes in Math., Vol. 412},
	YEAR = {1974},
	MRCLASS = {32J25 (14C30 14D20)},
	MRNUMBER = {0361174},
	MRREVIEWER = {R. O. Wells, Jr.},
}

@article{VZB,
	AUTHOR = {Voight, John and Zureick-Brown, David},
	TITLE = {The canonical ring of a stacky curve},
	JOURNAL = {Mem. Amer. Math. Soc.},
	FJOURNAL = {Memoirs of the American Mathematical Society},
	VOLUME = {277},
	YEAR = {2022},
	NUMBER = {1362},
	PAGES = {v+144},
	ISSN = {0065-9266},
	ISBN = {978-1-4704-5228-5; 978-1-4704-7094-4},
	MRCLASS = {14Q05 (11F11 13P10 14H10)},
	MRNUMBER = {4403928},
	DOI = {10.1090/memo/1362},
	URL = {https://doi-org.ezproxy.uvm.edu/10.1090/memo/1362},
}

@misc{stacks-project,
	shorthand    = {Stacks},
	author       = {The {Stacks Project Authors}},
	title        = {\textit{Stacks Project}},
	howpublished = {\url{https://stacks.math.columbia.edu/tag/00DM}},
	year         = {2018},
}

@misc{stacks-project2,
	shorthand    = {Stacks},
	author       = {The {Stacks Project Authors}},
	title        = {\textit{Stacks Project}},
	howpublished = {\url{https://stacks.math.columbia.edu/tag/00CV}},
	year         = {2018},
}

@misc{stacks-project3,
	shorthand    = {Stacks},
	author       = {The {Stacks Project Authors}},
	title        = {\textit{Stacks Project}},
	howpublished = {\url{https://stacks.math.columbia.edu/tag/0120}},
	year         = {2018},
}

@misc{stacks-project4,
	shorthand    = {Stacks},
	author       = {The {Stacks Project Authors}},
	title        = {\textit{Stacks Project}},
	howpublished = {\url{https://stacks.math.columbia.edu/tag/0BF9}},
	year         = {2018},
}

@misc{stacks-project5,
	shorthand    = {Stacks},
	author       = {The {Stacks Project Authors}},
	title        = {\textit{Stacks Project}},
	howpublished = {\url{https://stacks.math.columbia.edu/tag/01QN}},
	year         = {2018},
}

@misc{JK,
	shorthand    = {Kollar},
	author       = {Janos Kollar},
	title        = {Families of varieties of general type},
	howpublished = {\url{https://web.math.princeton.edu/~kollar/book/modbook20170720.pdf}},
	year         = {2021},
}


@misc{KK,
	shorthand    = {Kollar and Kovacs},
	author       = {Janos Kollar and Sander Kovacs},
	title        = {Singularities of the Minimal Model Program},
	howpublished = {\url{https://www.cambridge.org/core/books/singularities-of-the-minimal-model-program/BFD87F262E5174A425F12AD85270E0AA}},
	year         = {2021},
}


@misc{RV,
	shorthand    = {Ravi-lecture-notes},
	author       = {Ravi Vakil},
	title        = {lecture notes},
	howpublished = {\url{https://math.stanford.edu/~vakil/0506-216/216class5152.pdf}},
	year         = {2006},
}

@misc{RV2,
	shorthand    = {Ravi-lecture-notes2},
	author       = {Ravi Vakil},
	title        = {lecture notes},
	howpublished = {\url{http://math.stanford.edu/~vakil/02-245/sclass3A.pdf}},
	year         = {2002},
}


@misc{RV3,
	shorthand    = {Ravi-lecture-notes2},
	author       = {Ravi Vakil},
	title        = {lecture notes},
	howpublished = {\url{https://math.stanford.edu/~vakil/0506-216/216class3940.ps}},
	year         = {2002},
}


@misc{Encyclopedia-of-Math,
	shorthand    = {EoM},
	author       = {The {Encyclopedia of Math Authors}},
	title        = {Canonical Imbedding},
	howpublished = {\url{https://encyclopediaofmath.org/wiki/Canonical_imbedding}},
	year         = {2020},
}

@misc{TD,
	shorthand    = {Taylor youtube},
	author       = {Taylor Dupuy},
	title        = {Geometric Deformations of Pricinpally Polarized Abelian Varieties},
	howpublished = {\url{https://www.youtube.com/watch?v=bC4StrngKfQ&t=613s}},
	year         = {2015},
}

@misc{MK,
	shorthand    = {McKernanFinitegenerationcanonicalring.},
	author       = {James McKernan. Finite generation of the canonical ring.},
	title        = {Finite generation of the canonical ring.},
	howpublished = {\url{https://math.mit.edu/~mckernan/Talks/finite.pdf}},
	year         = {},
}

@book {Aetal,
	AUTHOR = {Arbarello, Enrico and Cornalba, Maurizio and Griffiths,
	Phillip A.},
	TITLE = {Geometry of algebraic curves. {V}olume {II}},
	SERIES = {Grundlehren der mathematischen Wissenschaften [Fundamental
	Principles of Mathematical Sciences]},
	VOLUME = {268},
	NOTE = {With a contribution by Joseph Daniel Harris},
	PUBLISHER = {Springer, Heidelberg},
	YEAR = {2011},
	PAGES = {xxx+963},
	ISBN = {978-3-540-42688-2},
	MRCLASS = {14H10 (32G15)},
	MRNUMBER = {2807457},
	MRREVIEWER = {E. Looijenga},
	DOI = {10.1007/978-3-540-69392-5},
	URL = {https://doi-org.ezproxy.uvm.edu/10.1007/978-3-540-69392-5},
}

@book {ACGH,
	AUTHOR = {Arbarello, E. and Cornalba, M. and Griffiths, P.A. and Harris, J.},
	TITLE = {Geometry of algebraic curves. {V}olume {I}},
	SERIES = {Grundlehren der mathematischen Wissenschaften [Fundamental
	Principles of Mathematical Sciences]},
	VOLUME = {267},
	PUBLISHER = {Springer, Heidelberg},
	YEAR = {1985},
	PAGES = {XVI+387},
	ISBN = {978-1-4419-2825-2},
	DOI = {https://doi.org/10.1007/978-1-4757-5323-3},
}



@misc{lmfdb,
	shorthand    = {LMFDB},
	author       = {The {LMFDB Collaboration}},
	title        = {The {L}-functions and modular forms database},
	howpublished = {\url{https://www.lmfdb.org/EllipticCurve/Q/11/a/2}},
	year         = {2022},
	note         = {[Online; accessed 27 June 2022]},
}



@article {LeLeLo,
	AUTHOR = {Lenstra, A. K. and Lenstra, Jr., H. W. and Lov\'{a}sz, L.},
	TITLE = {Factoring polynomials with rational coefficients},
	JOURNAL = {Math. Ann.},
	FJOURNAL = {Mathematische Annalen},
	VOLUME = {261},
	YEAR = {1982},
	NUMBER = {4},
	PAGES = {515--534},
	ISSN = {0025-5831},
	MRCLASS = {12-04 (12A20 68C20 68C25)},
	MRNUMBER = {682664},
	MRREVIEWER = {Daniel Lazard},
	DOI = {10.1007/BF01457454},
	URL = {https://doi-org.ezproxy.uvm.edu/10.1007/BF01457454},
}

@book {KV,
	AUTHOR = {Vissuet, Kevin},
	TITLE = {Elliptic {C}urves with {M}issing {F}robenius {T}races},
	NOTE = {Thesis (Ph.D.)--University of Illinois at Chicago},
	PUBLISHER = {ProQuest LLC, Ann Arbor, MI},
	YEAR = {2021},
	PAGES = {150},
	ISBN = {979-8494-42761-8},
	MRCLASS = {Thesis},
	MRNUMBER = {4361398},
	URL =
	{http://gateway.proquest.com.ezproxy.uvm.edu/openurl?url_ver=Z39.88-2004&rft_val_fmt=info:ofi/fmt:kev:mtx:dissertation&res_dat=xri:pqm&rft_dat=xri:pqdiss:28927115},
}

@article {FarmerJames,
	AUTHOR = {Farmer, D. W. and James, K.},
	TITLE = {The irreducibility of some level 1 {H}ecke polynomials},
	JOURNAL = {Math. Comp.},
	FJOURNAL = {Mathematics of Computation},
	VOLUME = {71},
	YEAR = {2002},
	NUMBER = {239},
	PAGES = {1263--1270},
	ISSN = {0025-5718},
	MRCLASS = {11F25 (11F11)},
	MRNUMBER = {1898755},
	MRREVIEWER = {T. C. Vasudevan},
	DOI = {10.1090/S0025-5718-01-01375-8},
	URL = {https://doi-org.ezproxy.uvm.edu/10.1090/S0025-5718-01-01375-8},
}

@book {Edixetal,
	TITLE = {Computational aspects of modular forms and {G}alois
	representations},
	SERIES = {Annals of Mathematics Studies},
	VOLUME = {176},
	EDITOR = {Edixhoven, Bas and Couveignes, Jean-Marc},
	NOTE = {How one can compute in polynomial time the value of
	Ramanujan's tau at a prime},
	PUBLISHER = {Princeton University Press, Princeton, NJ},
	YEAR = {2011},
	PAGES = {xii+425},
	ISBN = {978-0-691-14202-9},
	MRCLASS = {11F80 (11F11 11G18 11Y35)},
	MRNUMBER = {2849700},
	MRREVIEWER = {Jeremy A. Rouse},
	DOI = {10.1515/9781400839001},
	URL = {https://doi-org.ezproxy.uvm.edu/10.1515/9781400839001},
}

@book {Diamond-Shurman-first-course-modular-forms,
	AUTHOR = {Diamond, Fred and Shurman, Jerry},
	TITLE = {A first course in modular forms},
	SERIES = {Graduate Texts in Mathematics},
	VOLUME = {228},
	PUBLISHER = {Springer-Verlag, New York},
	YEAR = {2005},
	PAGES = {xvi+436},
	ISBN = {0-387-23229-X},
	MRCLASS = {11Fxx},
	MRNUMBER = {2112196},
	MRREVIEWER = {Henri Darmon},
}

@misc{BC,
	shorthand    = {Conrad Modular Forms Lecture Notes},
	author       = {Brian Conrad},
	title        = {Math 248B. Modular curves},
	howpublished = {\url{http://virtualmath1.stanford.edu/~conrad/248BPage/handouts/modularcurves.pdf}},
	year         = {2017},
	note         = {[Online; accessed 27 June 2022]},
}

@misc{PB,
	shorthand    = {Bruin Thesis},
	author       = {Pieter Bruin},
	title        = {Modular curves, Arakelov theory,algorithmic applications},
	howpublished = {THOMAS STIELTJES INSTITUTEFOR MATHEMATICS},
	year         = {2010},
	note         = {[Accessed 30 June 2022]},
}

@misc{RP,
	shorthand    = {Surfaces of General Type slides},
	author       = {Roberto Pignatelli},
	title        = {Surfaces of General Type },
	howpublished = {\url{http://www.crm.sns.it/media/event/345/gt.pdf}},
	year         = {2015},
	note         = {[Accessed 11 July 2022]},
}


@article {CL,
	AUTHOR = {Liedtke, Christian},
	TITLE = {The canonical map and {H}orikawa surfaces in positive
	characteristic},
	JOURNAL = {Int. Math. Res. Not. IMRN},
	FJOURNAL = {International Mathematics Research Notices. IMRN},
	YEAR = {2013},
	NUMBER = {2},
	PAGES = {422--462},
	ISSN = {1073-7928},
	MRCLASS = {14J29 (14F43)},
	MRNUMBER = {3010695},
	MRREVIEWER = {Tommaso Gentile},
	DOI = {10.1093/imrn/rnr268},
	URL = {https://doi-org.ezproxy.uvm.edu/10.1093/imrn/rnr268},
}

@book {SL,
	AUTHOR = {Ling, Songbo},
	TITLE = {Classification and {M}oduli {S}paces of {S}urfaces of
	{G}eneral {T}ype with pg = q =1},
	NOTE = {Thesis (Dr.Nat.)--Universitaet Bayreuth (Germany)},
	PUBLISHER = {ProQuest LLC, Ann Arbor, MI},
	YEAR = {2017},
	PAGES = {55},
	ISBN = {978-1687-91639-6},
	MRCLASS = {Thesis},
	MRNUMBER = {4035727},
	URL =
	{http://gateway.proquest.com.ezproxy.uvm.edu/openurl?url_ver=Z39.88-2004&rft_val_fmt=info:ofi/fmt:kev:mtx:dissertation&res_dat=xri:pqm&rft_dat=xri:pqdiss:27603236},
}

@article {FC,
	AUTHOR = {Catanese, F.},
	TITLE = {On the moduli spaces of surfaces of general type},
	JOURNAL = {J. Differential Geom.},
	FJOURNAL = {Journal of Differential Geometry},
	VOLUME = {19},
	YEAR = {1984},
	NUMBER = {2},
	PAGES = {483--515},
	ISSN = {0022-040X},
	MRCLASS = {14J29 (14J10)},
	MRNUMBER = {755236},
	MRREVIEWER = {C. A. M. Peters},
	URL = {http://projecteuclid.org.ezproxy.uvm.edu/euclid.jdg/1214438689},
}

@article {RV4,
	AUTHOR = {Vakil, Ravi},
	TITLE = {Murphy's law in algebraic geometry: badly-behaved deformation
	spaces},
	JOURNAL = {Invent. Math.},
	FJOURNAL = {Inventiones Mathematicae},
	VOLUME = {164},
	YEAR = {2006},
	NUMBER = {3},
	PAGES = {569--590},
	ISSN = {0020-9910},
	MRCLASS = {14B12 (14C05 14J10)},
	MRNUMBER = {2227692},
	MRREVIEWER = {Arvid Siqveland},
	DOI = {10.1007/s00222-005-0481-9},
	URL = {https://doi-org.ezproxy.uvm.edu/10.1007/s00222-005-0481-9},
}

@article {RM,
	AUTHOR = {Miranda, Rick},
	TITLE = {On canonical surfaces of general type with {$K^2=3\chi-10$}},
	JOURNAL = {Math. Z.},
	FJOURNAL = {Mathematische Zeitschrift},
	VOLUME = {198},
	YEAR = {1988},
	NUMBER = {1},
	PAGES = {83--93},
	ISSN = {0025-5874},
	MRCLASS = {14J29 (14J10)},
	MRNUMBER = {938031},
	MRREVIEWER = {Gang Xiao},
	DOI = {10.1007/BF01183041},
	URL = {https://doi-org.ezproxy.uvm.edu/10.1007/BF01183041},
}

@book {BPVdV,
	AUTHOR = {Barth, Wolf P. and Hulek, Klaus and Peters, Chris A. M. and
	Van de Ven, Antonius},
	TITLE = {Compact complex surfaces},
	SERIES = {Ergebnisse der Mathematik und ihrer Grenzgebiete. 3. Folge. A
	Series of Modern Surveys in Mathematics [Results in
	Mathematics and Related Areas. 3rd Series. A Series of Modern
	Surveys in Mathematics]},
	VOLUME = {4},
	EDITION = {Second},
	PUBLISHER = {Springer-Verlag, Berlin},
	YEAR = {2004},
	PAGES = {xii+436},
	ISBN = {3-540-00832-2},
	MRCLASS = {14Jxx (14-02 32-02 32J15 57R57)},
	MRNUMBER = {2030225},
	MRREVIEWER = {I. Dolgachev},
	DOI = {10.1007/978-3-642-57739-0},
	URL = {https://doi-org.ezproxy.uvm.edu/10.1007/978-3-642-57739-0},
}


@article {EBDM,
	AUTHOR = {Bombieri, E. and Mumford, D.},
	TITLE = {Enriques' classification of surfaces in char. {$p$}. {III}},
	JOURNAL = {Invent. Math.},
	FJOURNAL = {Inventiones Mathematicae},
	VOLUME = {35},
	YEAR = {1976},
	PAGES = {197--232},
	ISSN = {0020-9910},
	MRCLASS = {14J10},
	MRNUMBER = {491720},
	MRREVIEWER = {S. L. Kleiman},
	DOI = {10.1007/BF01390138},
	URL = {https://doi-org.ezproxy.uvm.edu/10.1007/BF01390138},
}

@article {Bombieri,
	AUTHOR = {Bombieri, E.},
	TITLE = {Canonical models of surfaces of general type},
	JOURNAL = {Inst. Hautes \'{E}tudes Sci. Publ. Math.},
	FJOURNAL = {Institut des Hautes \'{E}tudes Scientifiques. Publications
	Math\'{e}matiques},
	NUMBER = {42},
	YEAR = {1973},
	PAGES = {171--219},
	ISSN = {0073-8301},
	MRCLASS = {14J10 (14C20)},
	MRNUMBER = {318163},
	MRREVIEWER = {Gerhard Pfister},
	URL = {http://www.numdam.org.ezproxy.uvm.edu/item?id=PMIHES_1973__42__171_0},
}

@article {GV,
	AUTHOR = {Gorchinskiy, Sergey and Viviani, Filippo},
	TITLE = {A note on families of hyperelliptic curves},
	JOURNAL = {Arch. Math. (Basel)},
	FJOURNAL = {Archiv der Mathematik},
	VOLUME = {92},
	YEAR = {2009},
	NUMBER = {2},
	PAGES = {119--128},
	ISSN = {0003-889X},
	MRCLASS = {14H10 (14A20 14D22 14H45)},
	MRNUMBER = {2481507},
	MRREVIEWER = {C\'{\i}cero Carvalho},
	DOI = {10.1007/s00013-008-2746-1},
	URL = {https://doi-org.ezproxy.uvm.edu/10.1007/s00013-008-2746-1},
}

@book {CoxLittleOShea,
	AUTHOR = {Cox, David A. and Little, John and O'Shea, Donal},
	TITLE = {Using algebraic geometry},
	SERIES = {Graduate Texts in Mathematics},
	VOLUME = {185},
	EDITION = {Second},
	PUBLISHER = {Springer, New York},
	YEAR = {2005},
	PAGES = {xii+572},
	ISBN = {0-387-20706-6},
	MRCLASS = {13Pxx (13-01 14-01 14Qxx)},
	MRNUMBER = {2122859},
}

@misc{stacks-project6,
	shorthand    = {Stacks},
	author       = {The {Stacks Project Authors}},
	title        = {\textit{Stacks Project}},
	howpublished = {\url{https://stacks.math.columbia.edu/tag/01M3}},
	year         = {2018},
}


@misc{Dupuy-curvessurfaces,
	shorthand    = {Curves and Surfaces Notes},
	author       = {Taylor Dupuy},
	title        = {Notes on Algebraic Curves and Surfaces},
	howpublished = {\url{https://www.dropbox.com/s/okp7q1r216fl1m2/curves-and-surfaces.pdf}},
	year         = {2022},
}

@misc{JF,
	shorthand    = {comp exam},
	author       = {Jesse Franklin},
	title        = {Comprehensive Exam Notes},
	howpublished = {\url{https://www.uvm.edu/~jfrankl2/comp.exam.pdf}},
	year         = {2022},
}


@misc{MRvideos,
	shorthand    = {Reid videos},
	author       = {Miles Reid},
	title        = {Lectures on Algebraic Surfaces},
	howpublished = {\url{https://www.youtube.com/playlist?list=PLnr6-oWkvBQNBwugvkjNzF9LbkmMNyFMy}},
	year         = {2019},
}

@misc{MRpreprint,
	shorthand    = {Surfaces with $p_g=0, K^2=2.$},
	author       = {Miles Reid},
	title        = {Surfaces with $p_g=0, K^2=2.$},
	howpublished = {\url{http://homepages.warwick.ac.uk/staff/Miles.Reid/Unpub/five_early/K2=2.pdf}},
	year         = {1978},
}

@misc{MRpreprint2,
	shorthand    = {Surfaces with $p_g=0, K^2=1.$},
	author       = {Miles Reid},
	title        = {Surfaces with $p_g=0, K^2=1.$},
	howpublished = {\url{www.maths.warwick.ac.uk/~miles/Reprint/pg0K21.pdf}},
	year         = {1978},
}

@book {YM,
	AUTHOR = {Miyaoka, Yoichi},
	TITLE = {On Chern Numbers of Surfaces of General Type},
	SERIES = {Inventiones Mathematicae},
	PUBLISHER = {Springer},
	YEAR = {1977},
	PAGES = {225-237},
	ISBN = {0-387-20706-6},
	ID = {PPN356556735_0042},
	URL = {http://resolver.sub.uni-goettingen.de/purl?PPN356556735_0042}
}


@article {CataneseFabrizioFranciosiHulekReid,
	AUTHOR = {Catanese, Fabrizio and Franciosi, Marco and Hulek, Klaus and
	Reid, Miles},
	TITLE = {Embeddings of curves and surfaces},
	JOURNAL = {Nagoya Math. J.},
	FJOURNAL = {Nagoya Mathematical Journal},
	VOLUME = {154},
	YEAR = {1999},
	PAGES = {185--220},
	ISSN = {0027-7630},
	MRCLASS = {14J29 (14C20 14E25)},
	MRNUMBER = {1689180},
	MRREVIEWER = {Arnaud Beauville},
	DOI = {10.1017/S0027763000025381},
	URL = {https://doi-org.ezproxy.uvm.edu/10.1017/S0027763000025381},
}

@article {TE,
	AUTHOR = {Ekedahl, Torsten},
	TITLE = {Canonical models of surfaces of general type in positive
	characteristic},
	JOURNAL = {Inst. Hautes \'{E}tudes Sci. Publ. Math.},
	FJOURNAL = {Institut des Hautes \'{E}tudes Scientifiques. Publications
	Math\'{e}matiques},
	NUMBER = {67},
	YEAR = {1988},
	PAGES = {97--144},
	ISSN = {0073-8301},
	MRCLASS = {14J29 (14G15 14J10)},
	MRNUMBER = {972344},
	MRREVIEWER = {Yoichi Miyaoka},
	URL = {http://www.numdam.org/item?id=PMIHES_1988__67__97_0},
}

@article {IR,
	AUTHOR = {Reider, Igor},
	TITLE = {Vector bundles of rank {$2$} and linear systems on algebraic
	surfaces},
	JOURNAL = {Ann. of Math. (2)},
	FJOURNAL = {Annals of Mathematics. Second Series},
	VOLUME = {127},
	YEAR = {1988},
	NUMBER = {2},
	PAGES = {309--316},
	ISSN = {0003-486X},
	MRCLASS = {14J25 (14C20 14F05 14J28 14J29)},
	MRNUMBER = {932299},
	MRREVIEWER = {I. Dolgachev},
	DOI = {10.2307/2007055},
	URL = {https://doi.org/10.2307/2007055},
}

@article {S-B,
	AUTHOR = {Shepherd-Barron, N. I.},
	TITLE = {Unstable vector bundles and linear systems on surfaces in
	characteristic {$p$}},
	JOURNAL = {Invent. Math.},
	FJOURNAL = {Inventiones Mathematicae},
	VOLUME = {106},
	YEAR = {1991},
	NUMBER = {2},
	PAGES = {243--262},
	ISSN = {0020-9910},
	MRCLASS = {14J60 (14J10)},
	MRNUMBER = {1128214},
	MRREVIEWER = {I. Dolgachev},
	DOI = {10.1007/BF01243912},
	URL = {https://doi.org/10.1007/BF01243912},
}

@article {C-H,
	AUTHOR = {Catanese, F. and Hulek, K.},
	TITLE = {Rational surfaces in {${\bf P}^4$} containing a plane curve},
	JOURNAL = {Ann. Mat. Pura Appl. (4)},
	FJOURNAL = {Annali di Matematica Pura ed Applicata. Serie Quarta},
	VOLUME = {172},
	YEAR = {1997},
	PAGES = {229--256},
	ISSN = {0003-4622},
	MRCLASS = {14J26 (14H45)},
	MRNUMBER = {1621167},
	MRREVIEWER = {James E. Alexander},
	DOI = {10.1007/BF01782614},
	URL = {https://doi.org/10.1007/BF01782614},
}

@book {Shafarevich,
	AUTHOR = {Shafarevich, Igor R.},
	TITLE = {Basic algebraic geometry. 2},
	EDITION = {Third},
	NOTE = {Schemes and complex manifolds,
	Translated from the 2007 third Russian edition by Miles Reid},
	PUBLISHER = {Springer, Heidelberg},
	YEAR = {2013},
	PAGES = {xiv+262},
	ISBN = {978-3-642-38009-9; 978-3-642-38010-5},
	MRCLASS = {14-01},
	MRNUMBER = {3100288},
}

@book {LazPositivity2,
	AUTHOR = {Lazarsfeld, Robert},
	TITLE = {Positivity in algebraic geometry. {II}},
	SERIES = {Ergebnisse der Mathematik und ihrer Grenzgebiete. 3. Folge. A
	Series of Modern Surveys in Mathematics [Results in
	Mathematics and Related Areas. 3rd Series. A Series of Modern
	Surveys in Mathematics]},
	VOLUME = {49},
	NOTE = {Positivity for vector bundles, and multiplier ideals},
	PUBLISHER = {Springer-Verlag, Berlin},
	YEAR = {2004},
	PAGES = {xviii+385},
	ISBN = {3-540-22534-X},
	MRCLASS = {14-02 (14C20 14F05 14F17)},
	MRNUMBER = {2095472},
	MRREVIEWER = {Mihnea Popa},
	DOI = {10.1007/978-3-642-18808-4},
	URL = {https://doi.org/10.1007/978-3-642-18808-4},
}

@book {LazPositivity1,
	AUTHOR = {Lazarsfeld, Robert},
	TITLE = {Positivity in algebraic geometry. {I}},
	SERIES = {Ergebnisse der Mathematik und ihrer Grenzgebiete. 3. Folge. A
	Series of Modern Surveys in Mathematics [Results in
	Mathematics and Related Areas. 3rd Series. A Series of Modern
	Surveys in Mathematics]},
	VOLUME = {48},
	NOTE = {Classical setting: line bundles and linear series},
	PUBLISHER = {Springer-Verlag, Berlin},
	YEAR = {2004},
	PAGES = {xviii+387},
	ISBN = {3-540-22533-1},
	MRCLASS = {14-02 (14C20)},
	MRNUMBER = {2095471},
	MRREVIEWER = {Mihnea Popa},
	DOI = {10.1007/978-3-642-18808-4},
	URL = {https://doi.org/10.1007/978-3-642-18808-4},
}

@article {JS,
	AUTHOR = {Suh, Junecue},
	TITLE = {Plurigenera of general type surfaces in mixed characteristic},
	JOURNAL = {Compos. Math.},
	FJOURNAL = {Compositio Mathematica},
	VOLUME = {144},
	YEAR = {2008},
	NUMBER = {5},
	PAGES = {1214--1226},
	ISSN = {0010-437X},
	MRCLASS = {14L30 (14G35 14J29)},
	MRNUMBER = {2457525},
	MRREVIEWER = {Christian Liedtke},
	DOI = {10.1112/S0010437X08003527},
	URL = {https://doi.org/10.1112/S0010437X08003527},
}

@incollection {PosCharAlgGeo,
	AUTHOR = {Patakfalvi, Zsolt and Schwede, Karl and Tucker, Kevin},
	TITLE = {Positive characteristic algebraic geometry},
	BOOKTITLE = {Surveys on recent developments in algebraic geometry},
	SERIES = {Proc. Sympos. Pure Math.},
	VOLUME = {95},
	PAGES = {33--80},
	PUBLISHER = {Amer. Math. Soc., Providence, RI},
	YEAR = {2017},
	MRCLASS = {14G17 (14E30 14J17 14J20)},
	MRNUMBER = {3727496},
	MRREVIEWER = {Ana Bravo},
}

@book {Hartshorne,
	AUTHOR = {Hartshorne, Robin},
	TITLE = {Algebraic geometry},
	SERIES = {Graduate Texts in Mathematics, No. 52},
	PUBLISHER = {Springer-Verlag, New York-Heidelberg},
	YEAR = {1977},
	PAGES = {xvi+496},
	ISBN = {0-387-90244-9},
	MRCLASS = {14-01},
	MRNUMBER = {0463157},
	MRREVIEWER = {Robert Speiser},
}

@misc{stacks-project7,
	shorthand    = {Stacks},
	author       = {The {Stacks Project Authors}},
	title        = {\textit{Stacks Project}},
	howpublished = {\url{https://stacks.math.columbia.edu/tag/0BEC}},
	year         = {2018},
}


@misc{stacks-project8,
	shorthand    = {Stacks},
	author       = {The {Stacks Project Authors}},
	title        = {\textit{Stacks Project}},
	howpublished = {\url{https://stacks.math.columbia.edu/tag/01M3}},
	year         = {2018},
}

 @book{Atiyah-Macdonald, place={Boca Raton, FL}, title={Introduction to commutative algebra}, publisher={CRC Press}, author={Atiyah, Michael Francis and Macdonald, I. G.}, year={2021}} 
 
 @book {Szpiro-seminar,
 	TITLE = {S\'{e}minaire sur les {P}inceaux de {C}ourbes de {G}enre au
 	{M}oins {D}eux},
 	NOTE = {Ast\'{e}risque No. 86 (1981) (1981)},
 	PUBLISHER = {Soci\'{e}t\'{e} Math\'{e}matique de France, Paris},
 	YEAR = {1981},
 	PAGES = {vi+145},
 	ISSN = {0303-1179},
 	MRCLASS = {14H10 (14D05)},
 	MRNUMBER = {642675},
 }

@article {Gekeler-Invariants,
	AUTHOR = {Gekeler, Ernst-Ulrich},
	TITLE = {Invariants of some algebraic curves related to {D}rinfeld modular curves},
	JOURNAL = {J. Number Theory},
	FJOURNAL = {Journal of Number Theory},
	VOLUME = {90},
	YEAR = {2001},
	NUMBER = {1},
	PAGES = {166--183},
	ISSN = {0022-314X},
	MRCLASS = {11G09 (11G20 11R58 94B27)},
	MRNUMBER = {1850880},
	MRREVIEWER = {Yoshinori Hamahata},
	DOI = {10.1006/jnth.2000.2642},
	URL = {https://doi-org.ezproxy.uvm.edu/10.1006/jnth.2000.2642},
}

@book {Gekeler-Curves,
	AUTHOR = {Gekeler, Ernst-Ulrich},
	TITLE = {{D}rinfeld modular curves},
	SERIES = {Lecture Notes in Mathematics},
	VOLUME = {1231},
	PUBLISHER = {Springer-Verlag, Berlin},
	YEAR = {1986},
	PAGES = {xiv+107},
	ISBN = {3-540-17201-7},
	MRCLASS = {11R58 (11G18 14G20)},
	MRNUMBER = {874338},
	MRREVIEWER = {David Goss},
	DOI = {10.1007/BFb0072692},
	URL = {https://doi-org.ezproxy.uvm.edu/10.1007/BFb0072692},
}

@article {Gekeler-Coeff,
	AUTHOR = {Gekeler, Ernst-Ulrich},
	TITLE = {On the coefficients of {D}rinfeld modular forms},
	JOURNAL = {Invent. Math.},
	FJOURNAL = {Inventiones Mathematicae},
	VOLUME = {93},
	YEAR = {1988},
	NUMBER = {3},
	PAGES = {667--700},
	ISSN = {0020-9910},
	MRCLASS = {11F85 (11G20 11R58)},
	MRNUMBER = {952287},
	MRREVIEWER = {David Goss},
	DOI = {10.1007/BF01410204},
	URL = {https://doi-org.ezproxy.uvm.edu/10.1007/BF01410204},
}

@incollection {Poonen-DrinfeldIntro,
	AUTHOR = {Poonen, Bjorn},
	TITLE = {Introduction to {D}rinfeld modules},
	BOOKTITLE = {Arithmetic, geometry, cryptography, and coding theory 2021},
	SERIES = {Contemp. Math.},
	VOLUME = {779},
	PAGES = {167--186},
	PUBLISHER = {Amer. Math. Soc., [Providence], RI},
	YEAR = {[2022] \copyright 2022},
	MRCLASS = {11G09 (11G45 11R37)},
	MRNUMBER = {4445776},
	DOI = {10.1090/conm/779/15675},
	URL = {https://doi-org.ezproxy.uvm.edu/10.1090/conm/779/15675},
}

@misc{stacks-project9,
	author       = {The {Stacks project authors}},
	title        = {The Stacks project},
	howpublished = {\url{https://stacks.math.columbia.edu/tag/0BEC}},
	year         = {2023},
}

@misc{Catanese-Pignatelli-lowgenusfibrations,
	doi = {10.48550/ARXIV.MATH/0503294},
	url = {https://arxiv.org/abs/math/0503294},
	author = {Catanese, Fabrizio and Pignatelli, Roberto},
	keywords = {Algebraic Geometry (math.AG), FOS: Mathematics, FOS: Mathematics, 14D06; 14J29; 11G30},
	title = {Fibrations of low genus, I},
	publisher = {arXiv},
	year = {2005},
	copyright = {Assumed arXiv.org perpetual, non-exclusive license to distribute this article for submissions made before January 2004}
}

@article{Schreyer-syzygies-canonical-curves,
	author = {Schreyer, Frank Olaf},
	journal = {Journal für die reine und angewandte Mathematik},
	keywords = {standard basis; Gröbner basis; syzygies of a canonical curve; equations of Petri's type; non-minimal resolution; reducible canonical curves; Green's conjecture; second syzygy module; Hilbert's syzygy theorem},
	pages = {83-124},
	title = {A standard basis approach to syzygies of canonical curves.},
	url = {http://eudml.org/doc/153366},
	volume = {421},
	year = {1991},
}


%@article {Gekeler-Invariants-Drinfeld-algebraic-curves,
%	AUTHOR = {Gekeler, Ernst-Ulrich},
%	TITLE = {Invariants of some algebraic curves related to {D}rinfeld
%	modular curves},
%	JOURNAL = {J. Number Theory},
%	FJOURNAL = {Journal of Number Theory},
%	VOLUME = {90},
%	YEAR = {2001},
%	NUMBER = {1},
%	PAGES = {166--183},
%	ISSN = {0022-314X},
%	MRCLASS = {11G09 (11G20 11R58 94B27)},
%	MRNUMBER = {1850880},
%	MRREVIEWER = {Yoshinori Hamahata},
%	DOI = {10.1006/jnth.2000.2642},
%	URL = {https://doi.org/10.1006/jnth.2000.2642},
%}

@article{Cornelissen-wt1,
	author = {Gunther Cornelissen},
	title = {{D}rinfeld Modular Forms of Weight One},
	journal = {Journal of Number Theory},
	year = {1997},
	volume = {67},
	number = {2},
	pages = {215-228},
	doi = {https://doi.org/10.1006/jnth.1997.2185},
	issn = {0022-314X},
	url = {https://www.sciencedirect.com/science/article/pii/S0022314X97921855}
}

@incollection {Cornelissen-lvlT,
	AUTHOR = {Cornelissen, Gunther},
	TITLE = {{D}rinfeld modular forms of level {$T$}},
	BOOKTITLE = {{D}rinfeld modules, modular schemes and applications
	({A}lden-{B}iesen, 1996)},
	PAGES = {272--281},
	PUBLISHER = {World Sci. Publ., River Edge, NJ},
	YEAR = {1997},
	MRCLASS = {11G09 (11F99)},
	MRNUMBER = {1630608},
	MRREVIEWER = {Ernst-Ulrich Gekeler},
}

@article {Horikawa-canonical_surfaces_notes,
	AUTHOR = {Horikawa, Eiji},
	TITLE = {Notes on canonical surfaces},
	JOURNAL = {Tohoku Math. J. (2)},
	FJOURNAL = {The Tohoku Mathematical Journal. Second Series},
	VOLUME = {43},
	YEAR = {1991},
	NUMBER = {1},
	PAGES = {141--148},
	ISSN = {0040-8735},
	MRCLASS = {14J29 (14J10)},
	MRNUMBER = {1088721},
	MRREVIEWER = {Gang Xiao},
	DOI = {10.2748/tmj/1178227542},
	URL = {https://doi-org.ezproxy.uvm.edu/10.2748/tmj/1178227542},
}

@article {Treger-equations_CohMac_Schemes2,
	AUTHOR = {Treger, Robert},
	TITLE = {On equations defining arithmetically {C}ohen-{M}acaulay
	schemes. {II}},
	JOURNAL = {Duke Math. J.},
	FJOURNAL = {Duke Mathematical Journal},
	VOLUME = {48},
	YEAR = {1981},
	NUMBER = {1},
	PAGES = {35--47},
	ISSN = {0012-7094},
	MRCLASS = {14M05},
	MRNUMBER = {610174},
	MRREVIEWER = {Allen B. Altman},
	URL = {http://projecteuclid.org.ezproxy.uvm.edu/euclid.dmj/1077314482},
}

@phdthesis{Lelli-Chiesa-Gieseker-Petri,
	AUTHOR = {Lelli-Chiesa, Margherita},
	TITLE = {Gieseker-Petri divisors and Brill-Noether theory of K3-sections},
	SCHOOL = {Humboldt-Universität zu Berlin, Mathematisch-Naturwissenschaftliche Fakultät II},
	YEAR = {2012},
	DOI = {http://dx.doi.org/10.18452/16596},
	URL = {https://edoc.hu-berlin.de/handle/18452/17248},
}

@article {Ein-Laz-tangent_developable_surfaces_equations_alg_curves,
	AUTHOR = {Ein, Lawrence and Lazarsfeld, Robert},
	TITLE = {Tangent developable surfaces and the equations defining
	algebraic curves},
	JOURNAL = {Bull. Amer. Math. Soc. (N.S.)},
	FJOURNAL = {American Mathematical Society. Bulletin. New Series},
	VOLUME = {57},
	YEAR = {2020},
	NUMBER = {1},
	PAGES = {23--38},
	ISSN = {0273-0979},
	MRCLASS = {14H51 (13D02 14N05)},
	MRNUMBER = {4037406},
	MRREVIEWER = {Jos\'{e} Ignacio Farr\'{a}n},
	DOI = {10.1090/bull/1683},
	URL = {https://doi-org.ezproxy.uvm.edu/10.1090/bull/1683},
}

@misc{Sheridan-proj-normality-canonical-symmetric-squares,
	doi = {10.48550/ARXIV.2211.08313},
	url = {https://arxiv.org/abs/2211.08313},
	author = {Sheridan, John},
	keywords = {Algebraic Geometry (math.AG), FOS: Mathematics, FOS: Mathematics},
	title = {Projective normality of canonical symmetric squares},
	publisher = {arXiv},
	year = {2022},
	copyright = {arXiv.org perpetual, non-exclusive license}
}

@article {Supino-canonical-hypersurfaces-PP4,
	AUTHOR = {Supino, Paola},
	TITLE = {On canonical hypersurfaces of {${\bf P}^4$}},
	JOURNAL = {Math. Z.},
	FJOURNAL = {Mathematische Zeitschrift},
	VOLUME = {231},
	YEAR = {1999},
	NUMBER = {3},
	PAGES = {489--516},
	ISSN = {0025-5874},
	MRCLASS = {14J30 (14J70)},
	MRNUMBER = {1704990},
	MRREVIEWER = {Marco Andreatta},
	DOI = {10.1007/PL00004740},
	URL = {https://doi-org.ezproxy.uvm.edu/10.1007/PL00004740},
}

@phdthesis{Lopes-relative-canonical-algebra-genus3-fibrations,
	AUTHOR = {Mendes Lopes, Margarida},
	TITLE = {The Relative Canonical Algebra for Genus 3 Fibrations},
	SCHOOL = {University of Warwick},
	YEAR = {1988},
	URL = {http://wrap.warwick.ac.uk/78824/1/WRAP_Theses_Lopes_1988.pdf},
}

@misc{Tenni-slope-equalities-genus5-surface-fibrations,
	doi = {10.48550/ARXIV.1006.3036},
	url = {https://arxiv.org/abs/1006.3036},
	author = {Tenni, Elisa},
	keywords = {Algebraic Geometry (math.AG), FOS: Mathematics, FOS: Mathematics},
	title = {Slope equalities for genus 5 surface fibrations},
	publisher = {arXiv},
	year = {2010},
	copyright = {arXiv.org perpetual, non-exclusive license}
}

@incollection {Ashikaga-Konna-pencils,
	AUTHOR = {Ashikaga, Tadashi and Konno, Kazuhiro},
	TITLE = {Global and local properties of pencils of algebraic curves},
	BOOKTITLE = {Algebraic geometry 2000, {A}zumino ({H}otaka)},
	SERIES = {Adv. Stud. Pure Math.},
	VOLUME = {36},
	PAGES = {1--49},
	PUBLISHER = {Math. Soc. Japan, Tokyo},
	YEAR = {2002},
	MRCLASS = {14J29 (14D06 14H15 32S50)},
	MRNUMBER = {1971511},
	MRREVIEWER = {Miguel A. Barja},
	DOI = {10.2969/aspm/03610001},
	URL = {https://doi-org.ezproxy.uvm.edu/10.2969/aspm/03610001},
}

@article {Konno-123,
	AUTHOR = {Konno, Kazuhiro},
	TITLE = {1-2-3 theorem for curves on algebraic surfaces},
	JOURNAL = {J. Reine Angew. Math.},
	FJOURNAL = {Journal f\"{u}r die Reine und Angewandte Mathematik. [Crelle's
	Journal]},
	VOLUME = {533},
	YEAR = {2001},
	PAGES = {171--205},
	ISSN = {0075-4102},
	MRCLASS = {14J10 (14C21 14D06)},
	MRNUMBER = {1823868},
	MRREVIEWER = {Tomasz Szemberg},
	DOI = {10.1515/crll.2001.030},
	URL = {https://doi-org.ezproxy.uvm.edu/10.1515/crll.2001.030},
}

@article {Konno-CliffordIndex,
	AUTHOR = {Konno, Kazuhiro},
	TITLE = {Clifford index and the slope of fibered surfaces},
	JOURNAL = {J. Algebraic Geom.},
	FJOURNAL = {Journal of Algebraic Geometry},
	VOLUME = {8},
	YEAR = {1999},
	NUMBER = {2},
	PAGES = {207--220},
	ISSN = {1056-3911},
	MRCLASS = {14J29 (14H10 14J10)},
	MRNUMBER = {1675150},
	MRREVIEWER = {Margarida Mendes Lopes},
}

@book {Frensel-vanderPut-Rigid-Analytic_Geom,
	AUTHOR = {Fresnel, Jean and van der Put, Marius},
	TITLE = {Rigid analytic geometry and its applications},
	SERIES = {Progress in Mathematics},
	VOLUME = {218},
	PUBLISHER = {Birkh\"{a}user Boston, Inc., Boston, MA},
	YEAR = {2004},
	PAGES = {xii+296},
	ISBN = {0-8176-4206-4},
	MRCLASS = {14G22 (30G06 30H05 32P05)},
	MRNUMBER = {2014891},
	MRREVIEWER = {Lorenzo Ramero},
	DOI = {10.1007/978-1-4612-0041-3},
	URL = {https://doi-org.ezproxy.uvm.edu/10.1007/978-1-4612-0041-3},
}

@article {Goss-thesis-adic-EisensteinSeries-function-flds,
	AUTHOR = {Goss, David},
	TITLE = {{$\pi $}-adic {E}isenstein series for function fields},
	JOURNAL = {Compositio Math.},
	FJOURNAL = {Compositio Mathematica},
	VOLUME = {41},
	YEAR = {1980},
	NUMBER = {1},
	PAGES = {3--38},
	ISSN = {0010-437X},
	MRCLASS = {10D45 (10D99)},
	MRNUMBER = {578049},
	MRREVIEWER = {K. Shiratani},
	URL = {http://www.numdam.org/item?id=CM_1980__41_1_3_0},
}

@book {Laumon-cohomology-Drinfeld-modular-varieties,
	AUTHOR = {Laumon, G\'{e}rard},
	TITLE = {Cohomology of {D}rinfeld modular varieties. {P}art {I}},
	SERIES = {Cambridge Studies in Advanced Mathematics},
	VOLUME = {41},
	NOTE = {Geometry, counting of points and local harmonic analysis},
	PUBLISHER = {Cambridge University Press, Cambridge},
	YEAR = {1996},
	PAGES = {xiv+344},
	ISBN = {0-521-47060-9},
	MRCLASS = {11F70 (11F72 11G09 14G35 22E55)},
	MRNUMBER = {1381898},
	MRREVIEWER = {Jonathan David Rogawski},
}

@book {Goss-Basic-function-field-arithmetic,
	AUTHOR = {Goss, David},
	TITLE = {Basic structures of function field arithmetic},
	SERIES = {Ergebnisse der Mathematik und ihrer Grenzgebiete (3) [Results
	in Mathematics and Related Areas (3)]},
	VOLUME = {35},
	PUBLISHER = {Springer-Verlag, Berlin},
	YEAR = {1996},
	PAGES = {xiv+422},
	ISBN = {3-540-61087-1},
	MRCLASS = {11G09 (11L05 11R58)},
	MRNUMBER = {1423131},
	MRREVIEWER = {Jeremy T. Teitelbaum},
	DOI = {10.1007/978-3-642-61480-4},
	URL = {https://doi.org/10.1007/978-3-642-61480-4},
}

@article {Deligne-Mumford-irreducibility-space-of-curves-of-given-genus,
	AUTHOR = {Deligne, P. and Mumford, D.},
	TITLE = {The irreducibility of the space of curves of given genus},
	JOURNAL = {Inst. Hautes \'{E}tudes Sci. Publ. Math.},
	FJOURNAL = {Institut des Hautes \'{E}tudes Scientifiques. Publications
	Math\'{e}matiques},
	NUMBER = {36},
	YEAR = {1969},
	PAGES = {75--109},
	ISSN = {0073-8301},
	MRCLASS = {14.20},
	MRNUMBER = {262240},
	MRREVIEWER = {Manfred Herrmann},
	URL = {http://www.numdam.org.ezproxy.uvm.edu/item?id=PMIHES_1969__36__75_0},
}

@misc{stacks-project10,
	author       = {The {Stacks project authors}},
	title        = {The Stacks project},
	howpublished = {\url{https://stacks.math.columbia.edu/tag/02GH}},
	year         = {2023},
}

@misc{stacks-project11,
	author       = {The {Stacks project authors}},
	title        = {The Stacks project},
	howpublished = {\url{https://stacks.math.columbia.edu/tag/0BL6}},
	year         = {2023},
}

@article {Pink-compactification-Drinfeld-moduli-spaces,
	AUTHOR = {Pink, Richard},
	TITLE = {Compactification of {D}rinfeld moduli spaces as moduli spaces
	of {$A$}-reciprocal maps and consequences for {D}rinfeld
	modular forms},
	JOURNAL = {J. Algebraic Geom.},
	FJOURNAL = {Journal of Algebraic Geometry},
	VOLUME = {30},
	YEAR = {2021},
	NUMBER = {3},
	PAGES = {477--527},
	ISSN = {1056-3911},
	MRCLASS = {11F52 (11G09)},
	MRNUMBER = {4283550},
	MRREVIEWER = {Gabriel D. Villa-Salvador},
	DOI = {10.1090/jag/772},
	URL = {https://doi-org.ezproxy.uvm.edu/10.1090/jag/772},
}

@article {Breuer-Gekeler-h-function,
	AUTHOR = {Breuer, Florian},
	TITLE = {A note on {G}ekeler's {$h$}-function},
	JOURNAL = {Arch. Math. (Basel)},
	FJOURNAL = {Archiv der Mathematik},
	VOLUME = {107},
	YEAR = {2016},
	NUMBER = {4},
	PAGES = {305--313},
	ISSN = {0003-889X},
	MRCLASS = {11F52 (11G09)},
	MRNUMBER = {3552209},
	MRREVIEWER = {Mihran Papikian},
	DOI = {10.1007/s00013-016-0923-1},
	URL = {https://doi-org.ezproxy.uvm.edu/10.1007/s00013-016-0923-1},
}

@book {Diamond-Shurman-first-course-modular-forms,
	AUTHOR = {Diamond, Fred and Shurman, Jerry},
	TITLE = {A first course in modular forms},
	SERIES = {Graduate Texts in Mathematics},
	VOLUME = {228},
	PUBLISHER = {Springer-Verlag, New York},
	YEAR = {2005},
	PAGES = {xvi+436},
	ISBN = {0-387-23229-X},
	MRCLASS = {11Fxx},
	MRNUMBER = {2112196},
	MRREVIEWER = {Henri Darmon},
}

@proceedings {Goss-Hayes-Rosen-Reversat-Arithmetic-of-Function-Fields,
	TITLE = {The arithmetic of function fields},
	SERIES = {Ohio State University Mathematical Research Institute
	Publications},
	VOLUME = {2},
	BOOKTITLE = {Proceedings of the workshop held at {T}he {O}hio {S}tate
	{U}niversity, {C}olumbus, {O}hio, {J}une 17--26, 1991},
	EDITOR = {Goss, David and Hayes, David R. and Rosen, Michael I.},
	PUBLISHER = {Walter de Gruyter \& Co., Berlin},
	YEAR = {1992},
	PAGES = {viii+482},
	ISBN = {3-11-013171-4},
	MRCLASS = {11-06 (11G09 11R58)},
	MRNUMBER = {1196508},
	DOI = {10.1515/9783110886153},
	URL = {https://doi-org.ezproxy.uvm.edu/10.1515/9783110886153},
}

@book {Grauert-Remmert-Coherent-Analytic-Sheaves,
	AUTHOR = {Grauert, Hans and Remmert, Reinhold},
	TITLE = {Coherent analytic sheaves},
	SERIES = {Grundlehren der mathematischen Wissenschaften [Fundamental
	Principles of Mathematical Sciences]},
	VOLUME = {265},
	PUBLISHER = {Springer-Verlag, Berlin},
	YEAR = {1984},
	PAGES = {xviii+249},
	ISBN = {3-540-13178-7},
	MRCLASS = {32-02 (32Bxx 32C30)},
	MRNUMBER = {755331},
	MRREVIEWER = {Daniel Barlet},
	DOI = {10.1007/978-3-642-69582-7},
	URL = {https://doi-org.ezproxy.uvm.edu/10.1007/978-3-642-69582-7},
}

@misc{Alper-Stacks-and-Moduli,
	author       = {Alper, Jarod},
	title        = {Stacks and Moduli working draft},
	howpublished = {\url{https://sites.math.washington.edu/~jarod/moduli.pdf}},
	year         = {2023},
}

@book {Silverman-arithmetic-elliptic-curves,
	AUTHOR = {Silverman, Joseph H.},
	TITLE = {The arithmetic of elliptic curves},
	SERIES = {Graduate Texts in Mathematics},
	VOLUME = {106},
	EDITION = {Second},
	PUBLISHER = {Springer, Dordrecht},
	YEAR = {2009},
	PAGES = {xx+513},
	ISBN = {978-0-387-09493-9},
	MRCLASS = {11-02 (11G05 11G20 14H52 14K15)},
	MRNUMBER = {2514094},
	MRREVIEWER = {Vasil\cprime  \={I}. Andr\={\i}\u{\i}chuk},
	DOI = {10.1007/978-0-387-09494-6},
	URL = {https://doi-org.ezproxy.uvm.edu/10.1007/978-0-387-09494-6},
}

@book {Katz-Mazur-Arithmetic-moduli-elliptic-curves,
	AUTHOR = {Katz, Nicholas M. and Mazur, Barry},
	TITLE = {Arithmetic moduli of elliptic curves},
	SERIES = {Annals of Mathematics Studies},
	VOLUME = {108},
	PUBLISHER = {Princeton University Press, Princeton, NJ},
	YEAR = {1985},
	PAGES = {xiv+514},
	ISBN = {0-691-08349-5; 0-691-08352-5},
	MRCLASS = {11G05 (11F11 14G25 14K15)},
	MRNUMBER = {772569},
	MRREVIEWER = {Kenneth A. Ribet},
	DOI = {10.1515/9781400881710},
	URL = {https://doi-org.ezproxy.uvm.edu/10.1515/9781400881710},
}

@misc{stacks-project12,
	author       = {The {Stacks project authors}},
	title        = {The Stacks project},
	howpublished = {\url{https://stacks.math.columbia.edu/tag/022V}},
	year         = {2023},
}

@book {Waterhouse-into-aff-grp-schemes,
	AUTHOR = {Waterhouse, William C.},
	TITLE = {Introduction to affine group schemes},
	SERIES = {Graduate Texts in Mathematics},
	VOLUME = {66},
	PUBLISHER = {Springer-Verlag, New York-Berlin},
	YEAR = {1979},
	PAGES = {xi+164},
	ISBN = {0-387-90421-2},
	MRCLASS = {14-01 (14Lxx 20G99)},
	MRNUMBER = {547117},
	MRREVIEWER = {M. Kh. Gizatullin},
}

@book {Papikian-Drinfeld-modules,
	AUTHOR = {Papikian, Mihran},
	TITLE = {{D}rinfeld Modules},
	SERIES = {Graduate Texts in Mathematics},
	VOLUME = {66},
	PUBLISHER = {Springer Cham},
	YEAR = {2023},
	ISBN = {978-3-031-19707-9},
}

@article{ODorney-canonical-rings-Q-divisors-on-P1,
	doi = {10.1007/s00026-015-0280-y},
	url = {https://doi.org/10.1007%2Fs00026-015-0280-y},
	year = 2015,
	month = {sep},
	publisher = {Springer Science and Business Media {LLC}
	},
	volume = {19},
	number = {4},
	pages = {765--784},
	author = {Evan O'Dorney},
	title = {Canonical Rings of $\mathbb{Q}$-Divisors on $\mathbb{P}^1$},
	journal = {Annals of Combinatorics}
}

@misc{stacks-project-integral-closure-of-graded-ring-graded,
	author       = {The {Stacks project authors}},
	title        = {The Stacks project},
	howpublished = {\url{https://stacks.math.columbia.edu/tag/00JL}},
	year         = {2023},
}

@misc{stacks-project-integral-finite-ring-maps,
	author       = {The {Stacks project authors}},
	title        = {The Stacks project},
	howpublished = {\url{https://stacks.math.columbia.edu/tag/00GH}},
	year         = {2023},
}


@misc{stacks-project-functorality-of-proj,
	author       = {The {Stacks project authors}},
	title        = {The Stacks project},
	howpublished = {\url{https://stacks.math.columbia.edu/tag/01MX}},
	year         = {2023},
}

@incollection {Reid-young-person-guide-canonical-singularities,
	AUTHOR = {Reid, Miles},
	TITLE = {Young person's guide to canonical singularities},
	BOOKTITLE = {Algebraic geometry, {B}owdoin, 1985 ({B}runswick, {M}aine,
	1985)},
	SERIES = {Proc. Sympos. Pure Math.},
	VOLUME = {46},
	PAGES = {345--414},
	PUBLISHER = {Amer. Math. Soc., Providence, RI},
	YEAR = {1987},
	MRCLASS = {14E30 (14B05 14E05 14J10)},
	MRNUMBER = {927963},
	MRREVIEWER = {Eckart Viehweg},
	DOI = {10.1090/pspum/046.1/927963},
	URL = {https://doi-org.ezproxy.uvm.edu/10.1090/pspum/046.1/927963},
}

@misc{stacks-project-quasi-affine,
	author       = {The {Stacks project authors}},
	title        = {The Stacks project},
	howpublished = {\url{https://stacks.math.columbia.edu/tag/01SJ}},
	year         = {2023},
}

@misc{stacks-project-multiplicative-grp-scheme,
	author       = {The {Stacks project authors}},
	title        = {The Stacks project},
	howpublished = {\url{https://stacks.math.columbia.edu/tag/022U}},
	year         = {2023},
}

@article {Gekeler-discriminant,
	AUTHOR = {Gekeler, Ernst-Ulrich},
	TITLE = {A product expansion for the discriminant function of {D}rinfeld modules of rank two},
	JOURNAL = {J. Number Theory},
	FJOURNAL = {Journal of Number Theory},
	VOLUME = {21},
	YEAR = {1985},
	NUMBER = {2},
	PAGES = {135--140},
	ISSN = {0022-314X},
	MRCLASS = {11F99 (11R58)},
	MRNUMBER = {808282},
	MRREVIEWER = {David Goss},
	DOI = {10.1016/0022-314X(85)90046-0},
	URL = {https://doi.org/10.1016/0022-314X(85)90046-0},
}

@article {Mason-Schweizer-elliptic-pts-Drinfeld-modular-grps,
	AUTHOR = {Mason, A. W. and Schweizer, Andreas},
	TITLE = {Elliptic points of the {D}rinfeld modular groups},
	JOURNAL = {Math. Z.},
	FJOURNAL = {Mathematische Zeitschrift},
	VOLUME = {279},
	YEAR = {2015},
	NUMBER = {3-4},
	PAGES = {1007--1028},
	ISSN = {0025-5874},
	MRCLASS = {11F06 (11G09 20E06 20E08 20G30)},
	MRNUMBER = {3318257},
	MRREVIEWER = {Marc Masdeu},
	DOI = {10.1007/s00209-014-1400-9},
	URL = {https://doi-org.ezproxy.uvm.edu/10.1007/s00209-014-1400-9},
}

@article {Gekeler-survey-Drinfeld-modular-forms,
	AUTHOR = {Gekeler, Ernst-Ulrich},
	TITLE = {A survey on {D}rinfeld modular forms},
	JOURNAL = {Turkish J. Math.},
	FJOURNAL = {Turkish Journal of Mathematics},
	VOLUME = {23},
	YEAR = {1999},
	NUMBER = {4},
	PAGES = {485--518},
	ISSN = {1300-0098},
	MRCLASS = {11F52 (11F33 11G09)},
	MRNUMBER = {1780937},
	MRREVIEWER = {Yoshinori Hamahata},
}

@book {Christelle-thesis,
	AUTHOR = {Vincent, Christelle},
	TITLE = {{D}rinfeld modular forms modulo p and {W}eierstrass points on
	{D}rinfeld modular curves},
	NOTE = {Thesis (Ph.D.)--The University of Wisconsin - Madison},
	PUBLISHER = {ProQuest LLC, Ann Arbor, MI},
	YEAR = {2012},
	PAGES = {103},
	ISBN = {978-1267-55857-2},
	MRCLASS = {Thesis},
	MRNUMBER = {3078475},
	URL =
	{http://gateway.proquest.com/openurl?url_ver=Z39.88-2004&rft_val_fmt=info:ofi/fmt:kev:mtx:dissertation&res_dat=xri:pqm&rft_dat=xri:pqdiss:3523151},
}

@misc{Reid-graded-rings-varieties-in-weighted-projective-space,
	shorthand    = {Reid-graded-rings-wps},
	author       = {Miles Reid},
	title        = {Graded rings and varieties in weighted projective space},
	howpublished = {\url{https://homepages.warwick.ac.uk/~masda/surf/more/grad.pdf}},
	year         = {2002},
}

@article{Dalal-Kumar-Gamma_0(T)-structure,
	doi = {10.1016/j.jalgebra.2022.11.027},
	url = {https://doi.org/10.1016%2Fj.jalgebra.2022.11.027},
	year = {2023},
	month = {apr},
	publisher = {Elsevier {BV}},
	volume = {619},
	pages = {778--798},
	author = {Tarun Dalal and Narasimha Kumar},
	title = {The structure of {D}rinfeld modular forms of level {$\Gamma_0(T)$} and applications},
	journal = {Journal of Algebra}
}


@misc{Basson-Breuer-Pink-part2,
	title={{D}rinfeld modular forms of arbitrary rank, Part II: Comparison with Algebraic Theory}, 
	author={Dirk Basson and Florian Breuer and Richard Pink},
	year={2018},
	eprint={1805.12337},
	archivePrefix={arXiv},
	primaryClass={math.NT}
}

@misc{Basson-Breuer-Pink-full,
	title={{D}rinfeld modular forms of arbitrary rank}, 
	author={Dirk Basson and Florian Breuer and Richard Pink},
	year={2023},
	eprint={1805.12337},
	archivePrefix={arXiv},
	primaryClass={math.NT},
	URL = {https://carmamaths.org/florianbreuer/DrinfeldModularForms-corrections.pdf}
}

@article {Carlitz-class-of-poly,
	AUTHOR = {Carlitz, Leonard},
	TITLE = {A class of polynomials},
	JOURNAL = {Trans. Amer. Math. Soc.},
	FJOURNAL = {Transactions of the American Mathematical Society},
	VOLUME = {43},
	YEAR = {1938},
	NUMBER = {2},
	PAGES = {167--182},
	ISSN = {0002-9947,1088-6850},
	MRCLASS = {11T06},
	MRNUMBER = {1501937},
	DOI = {10.2307/1990037},
	URL = {https://doi.org/10.2307/1990037},
}

@article {Carlitz-arithmetic-of-poly-in-galois-fld,
	AUTHOR = {Carlitz, Leonard},
	TITLE = {The {A}rithmetic of {P}olynomials in a {G}alois {F}ield},
	JOURNAL = {Amer. J. Math.},
	FJOURNAL = {American Journal of Mathematics},
	VOLUME = {54},
	YEAR = {1932},
	NUMBER = {1},
	PAGES = {39--50},
	ISSN = {0002-9327,1080-6377},
	MRCLASS = {99-04},
	MRNUMBER = {1506871},
	DOI = {10.2307/2371075},
	URL = {https://doi.org/10.2307/2371075},
}

@book {Fresnel-van-der-put-rigid-analytic-geom,
	AUTHOR = {Fresnel, Jean and van der Put, Marius},
	TITLE = {Rigid analytic geometry and its applications},
	SERIES = {Progress in Mathematics},
	VOLUME = {218},
	PUBLISHER = {Birkh\"{a}user Boston, Inc., Boston, MA},
	YEAR = {2004},
	PAGES = {xii+296},
	ISBN = {0-8176-4206-4},
	MRCLASS = {14G22 (30G06 30H05 32P05)},
	MRNUMBER = {2014891},
	MRREVIEWER = {Lorenzo\ Ramero},
	DOI = {10.1007/978-1-4612-0041-3},
	URL = {https://doi.org/10.1007/978-1-4612-0041-3},
}

@article {Gekeler-jacobians,
	AUTHOR = {Gekeler, E.-U. and Reversat, M.},
	TITLE = {Jacobians of {D}rinfeld modular curves},
	JOURNAL = {J. Reine Angew. Math.},
	FJOURNAL = {Journal f\"{u}r die Reine und Angewandte Mathematik. [Crelle's
	Journal]},
	VOLUME = {476},
	YEAR = {1996},
	PAGES = {27--93},
	ISSN = {0075-4102,1435-5345},
	MRCLASS = {11G09 (11R39)},
	MRNUMBER = {1401696},
	MRREVIEWER = {David\ Goss},
	DOI = {10.1515/crll.1996.476.27},
	URL = {https://doi.org/10.1515/crll.1996.476.27},
}

@misc{Behrend-Noohi-uniformization-DM-curves,
	title={Uniformization of {D}eligne-{M}umford curves}, 
	author={K. Behrend and B. Noohi},
	year={2005},
	eprint={math/0504309},
	archivePrefix={arXiv},
	primaryClass={math.AG},
	note={\url{https://arxiv.org/abs/math/0504309}},
}


@misc{Deligne-survey-Drinfeld-modules,
	title={Survey of {D}rinfel’d modules},
	author={Pierre Deligne and Dale Husemoller},
	year={1985},
	journal={Contemp, Math},
	fjournal = {Contemporary Mathematics},
	volume={67},
	pages={25-91},
	DOI={10.1090/conm/067/902591},
	mrnumber={902591}
}

@phdthesis{Armana-thesis,
	TITLE = {{Torsion rationnelle des modules de {D}rinfeld}},
	AUTHOR = {Armana, C{\'e}cile},
	URL = {https://theses.hal.science/tel-00338117},
	SCHOOL = {{Universit{\'e} Paris-Diderot - Paris VII}},
	YEAR = {2008},
	MONTH = Nov,
	KEYWORDS = {automorphic forms ; Drinfeld modular curves ; Drinfeld modular forms ; Drinfeld modules ; Hecke algebra ; modular symbols ; alg{\`e}bre de Hecke ; courbes modulaires de Drinfeld ; formes automorphes ; formes modulaires de Drinfeld ; modules de Drinfeld ; symboles modulaires},
	TYPE = {Theses},
	PDF = {https://theses.hal.science/tel-00338117v2/file/these-armana.pdf},
	HAL_ID = {tel-00338117},
	HAL_VERSION = {v2},
}

@article {Goss-upper-halfplane,
	AUTHOR = {Goss, David},
	TITLE = {The algebraist's upper half-plane},
	JOURNAL = {Bull. Amer. Math. Soc. (N.S.)},
	FJOURNAL = {American Mathematical Society. Bulletin. New Series},
	VOLUME = {2},
	YEAR = {1980},
	NUMBER = {3},
	PAGES = {391--415},
	ISSN = {0273-0979,1088-9485},
	MRCLASS = {10D30 (12B40)},
	MRNUMBER = {561525},
	MRREVIEWER = {W.-D.\ Geyer},
	DOI = {10.1090/S0273-0979-1980-14751-5},
	URL = {https://doi.org/10.1090/S0273-0979-1980-14751-5},
}

@misc{Emerton-Gee-Hellman-categorical-p-adic-langlands,
	title={An introduction to the categorical p-adic {L}anglands program}, 
	author={Matthew Emerton and Toby Gee and Eugen Hellmann},
	year={2023},
	eprint={2210.01404},
	archivePrefix={arXiv},
	primaryClass={math.NT}
}

@misc{Iwanari-deformation-theory-rigid-analytic-spaces,
	title={Deformation theory of rigid-analytic spaces}, 
	author={Isamu Iwanari},
	year={2006},
	eprint={math/0601588},
	archivePrefix={arXiv},
	primaryClass={math.AG},
	note={url{https://arxiv.org/abs/math/0601588}}
}

@article {Porta-Yu-Higher-analytic-stacks-GAGA,
	AUTHOR = {Porta, Mauro and Yu, Tony Yue},
	TITLE = {Higher analytic stacks and {GAGA} theorems},
	JOURNAL = {Adv. Math.},
	FJOURNAL = {Advances in Mathematics},
	VOLUME = {302},
	YEAR = {2016},
	PAGES = {351--409},
	ISSN = {0001-8708,1090-2082},
	MRCLASS = {14A20 (14F05 14G22 32C35)},
	MRNUMBER = {3545934},
	MRREVIEWER = {Hsian-Hua\ Tseng},
	DOI = {10.1016/j.aim.2016.07.017},
	URL = {https://doi.org/10.1016/j.aim.2016.07.017},
}

@phdthesis{Warner-thesis-adic-moduli-spaces,
	TITLE = {Adic Moduli Spaces},
	AUTHOR = {Warner, Evan},
	URL = {https://searchworks.stanford.edu/view/12135003},
	SCHOOL = {Stanford University},
	YEAR = {2017},
	MONTH = Aug,
	KEYWORDS = {adic space; moduli},
	TYPE = {Thesis},
	PDF = {https://stacks.stanford.edu/file/druid:vp223xm9859/ThesisForESubmitWithoutCopySig-augmented.pdf}
}

@misc{Abramovich-Olsson-Vistoli-twisted-stable-maps-tame-Artin-stacks,
	title={Twisted stable maps to tame Artin stacks}, 
	author={Dan Abramovich and Martin Olsson and Angelo Vistoli},
	year={2010},
	eprint={0801.3040},
	archivePrefix={arXiv},
	primaryClass={math.AG},
	note={\url{https://arxiv.org/abs/0801.3040}},
}

@misc{Abramovich-Olsson-Vistoli-tame-stacks-pos-characteristic,
	title={Tame stacks in positive characteristic}, 
	author={Dan Abramovich and Martin Olsson and Angelo Vistoli},
	year={2007},
	eprint={math/0703310},
	archivePrefix={arXiv},
	primaryClass={math.AG},
	note={\url{https://arxiv.org/abs/math/0703310}},
}


@article{Artin-versal-deformations-algebraic-stacks,
	title={Versal deformations and algebraic stacks}, 
	author={Michael Artin},
	year={1974},
	JOURNAL = {Invent. Math.},
	FJOURNAL = {Inventiones Mathematicae},
	VOLUME = {27},
	YEAR = {1974},
	PAGES = {165--189},
	DOI = {10.1007/BF01390174},
	URL = {https://doi.org/10.1007/BF01390174},
}

@article{Conrad-ampleness-rigid-geom,
	abstract = {We develop a rigid-analytic theory of relative ampleness for line bundles and record some applications to faithfully flat descent for morphisms and proper geometric objects. The basic definition is fibral, but pointwise arguments from the algebraic and complex-analytic cases do not apply, so we use cohomological properties of formal schemes over completions of local rings on rigid spaces. An analytic notion of quasi-coherence is introduced so that we can recover a proper object from sections of an ample bundle via suitable Proj construction. The locus of relative ampleness in the base is studied, as is the behavior of relative ampleness with respect to analytification and arbitrary extension of the base field. In particular, we obtain a quick new proof of the relative GAGA theorem over affinoids.},
	affiliation = {University of Michigan Department of Mathematics Ann Arbor, MI 48109 (USA)},
	author = {Conrad, Brian},
	journal = {Annales de \'Institut Fourier},
	keywords = {Ampleness; rigid geometry; descent; ampleness},
	language = {eng},
	number = {4},
	pages = {1049-1126},
	publisher = {Association des Annales de \'Institut Fourier},
	title = {Relative ampleness in rigid geometry},
	url = {http://eudml.org/doc/10167},
	volume = {56},
	year = {2006},
}

@misc{Conrad-Temkin-nonarhimedean-analytification-alg-spaces,
	title={Non-archimedean analytification of algebraic spaces}, 
	author={Brian Conrad and Michael Temkin},
	year={2007},
	eprint={0706.3441},
	archivePrefix={arXiv},
	primaryClass={math.AG},
	note={\url{https://math.stanford.edu/~conrad/papers/analgpaper.pdf}}
}

@misc{Pink-compactification-Drinfeld-modular-varieties-2012,
	title={Compactification of {D}rinfeld modular varieties and {D}rinfeld Modular Forms of Arbitrary Rank}, 
	author={Richard Pink},
	year={2012},
	eprint={1008.0013},
	archivePrefix={arXiv},
	primaryClass={math.AG}
}

@book {Koblitz-intro-elliptic-curves-modular-forms,
	AUTHOR = {Neal Koblitz},
	TITLE = {Introduction to Elliptic Curves and Modular Forms},
	SERIES = {Graduate Texts in Mathematics},
	VOLUME = {97},
	PUBLISHER = {Springer New York, NY},
	YEAR = {1993},
	ISBN = {978-0-387-97966-3},
	DOI = {https://doi.org/10.1007/978-1-4612-0909-6},
	URL = {https://link.springer.com/book/10.1007/978-1-4612-0909-6#bibliographic-information},
}

@article{Drinfeld-elliptic-modules,
	doi = {10.1070/SM1974v023n04ABEH001731},
	url = {https://dx.doi.org/10.1070/SM1974v023n04ABEH001731},
	year = {1974},
	month = {apr},
	publisher = {},
	volume = {23},
	number = {4},
	pages = {561},
	author = {V G Drinfel'd},
	title = {ELLIPTIC MODULES},
	journal = {Mathematics of the USSR-Sbornik},
	abstract = {The notion of elliptic module is introduced, generalizing the concept of an elliptic curve, and an analog of the theory of elliptic and modular curves is constructed. Here the role of the group  GL(2, Q) is played by  GL(2, k), where  k is a function field. A theorem on the coincidence of  L-functions of modular curves and Jacquet-Langlands  L-functions corresponding to  k is proved. Bibliography: 14 items.}
}


@book {Gerritzen-van-der-Put-Schottky-grps-Mumford-curves,
	AUTHOR = {Lothar Gerritzen and Marius van der Put},
	TITLE = {Schottky Groups and {M}umford Curves},
	SERIES = {Lecture Notes in Mathematics},
	VOLUME = {817},
	PUBLISHER = {Springer Berlin, Heidelberg},
	YEAR = {1980},
	ISBN = {978-3-540-10229-8},
	DOI = {https://doi.org/10.1007/BFb0089957},
	URL = {https://link.springer.com/book/10.1007/BFb0089957},
}

@misc{Franklin-geometry-Drinfeld-modular-forms,
	title={The Geometry of {D}rinfeld Modular Forms}, 
	author={Jesse Franklin},
	year={2023},
	eprint={2310.19623},
	archivePrefix={arXiv},
	primaryClass={math.NT},
	note={\url{https://arxiv.org/abs/2310.19623}},
}

@book {Serre-Trees,
	AUTHOR = {Serre, Jean-Pierre},
	TITLE = {Trees},
	NOTE = {Translated from the French by John Stillwell},
	PUBLISHER = {Springer-Verlag, Berlin-New York},
	YEAR = {1980},
	PAGES = {ix+142},
	ISBN = {3-540-10103-9},
	MRCLASS = {20H10 (05C05 22E50)},
	MRNUMBER = {607504},
}

@article {Gekeler-Nonnengardt-BruhatTitsTrees,
	AUTHOR = {Gekeler, Ernst-Ulrich and Nonnengardt, Udo},
	TITLE = {Fundamental domains of some arithmetic groups over function
	fields},
	JOURNAL = {Internat. J. Math.},
	FJOURNAL = {International Journal of Mathematics},
	VOLUME = {6},
	YEAR = {1995},
	NUMBER = {5},
	PAGES = {689--708},
	ISSN = {0129-167X,1793-6519},
	MRCLASS = {11F06 (11G09)},
	MRNUMBER = {1351161},
	MRREVIEWER = {Yuichiro\ Taguchi},
	DOI = {10.1142/S0129167X95000286},
	URL = {https://doi.org/10.1142/S0129167X95000286},
}

@misc{Cerchia-Franklin-ODorney-Qdiv-Ell-curves,
	title={Section Rings of $\mathbb{Q}$-Divisors on Genus $1$ Curves}, 
	author={Michael Cerchia and Jesse Franklin and Evan O'Dorney},
	year={2024},
	eprint={2312.15128},
	archivePrefix={arXiv},
	primaryClass={math.NT},
	note={\url{https://arxiv.org/abs/2312.15128}}
}

@article {Landesman-Ruhm-Zhang-Spin-canonical-rings,
	AUTHOR = {Landesman, Aaron and Ruhm, Peter and Zhang, Robin},
	TITLE = {Spin canonical rings of log stacky curves},
	JOURNAL = {Ann. Inst. Fourier (Grenoble)},
	FJOURNAL = {Universit\'{e} de Grenoble. Annales de l'Institut Fourier},
	VOLUME = {66},
	YEAR = {2016},
	NUMBER = {6},
	PAGES = {2339--2383},
	ISSN = {0373-0956,1777-5310},
	MRCLASS = {14H10 (11F11)},
	MRNUMBER = {3580174},
	MRREVIEWER = {John\ M.\ Voight},
	URL = {http://aif.cedram.org/item?id=AIF_2016__66_6_2339_0},
}

@misc{stacks-project-site,
	shorthand    = {Stacks},
	author       = {The {Stacks Project Authors}},
	title        = {\textit{Stacks Project}},
	howpublished = {\url{https://stacks.math.columbia.edu/tag/00VH}},
	year         = {2018},
}

@article{Landesman-Ruhm-Zhang-section-rings-minimal-ratl-surfaces,
	title={Section rings of $\mathbb{Q}$-divisors on minimal rational surfaces},
	volume={25},
	ISSN={1945-001X},
	url={http://dx.doi.org/10.4310/MRL.2018.v25.n4.a13},
	DOI={10.4310/mrl.2018.v25.n4.a13},
	number={4},
	journal={Mathematical Research Letters},
	publisher={International Press of Boston},
	author={Landesman, Aaron and Ruhm, Peter and Zhang, Robin},
	year={2018},
	pages={1329-1357} 
}

@misc{stacks-project,
	author       = {The {Stacks project authors}},
	title        = {The Stacks project},
	howpublished = {\url{https://stacks.math.columbia.edu}},
	year         = {2024},
}

@article{Papikian-Wei-Eisenstein-ideal,
	author = {Mihran Papikian and Fu-Tsun Wei},
	title = {On the Eisenstein ideal over function fields},
	journal = {Journal of Number Theory},
	year ={2016},
	volume = {161},
	pages = {384-434},
	DOI = {https://doi.org/10.1016/j.jnt.2015.04.001},
	ISSN = {0022-314X},
	URL = {https://www.sciencedirect.com/science/article/pii/S0022314X15001201}
}

@article{Serre-GAGA,
	author = {Serre, Jean-Pierre},
	title = {G\'eom\'etrie alg\'ebrique et g\'eom\'etrie analytique},
	journal = {Annales de \'Institut Fourier},
	pages = {1--42},
	publisher = {Imprimerie Louis-Jean},
	address = {Gap},
	volume = {6},
	year = {1956},
	doi = {10.5802/aif.59},
	zbl = {0075.30401},
	mrnumber = {18,511a},
	language = {fr},
	url = {https://aif.centre-mersenne.org/articles/10.5802/aif.59/}
}

@inproceedings{Schmickler-Hirzebruch-Elliptic-Curves,
	title={Elliptische fl{\"a}chen {\"u}ber {P}1{C} mit drei Ausnahmefasern und die hypergeometrische Differentialgleichung},
	author={Ulrike Schmickler-Hirzebruch},
	year={1985},
	url={https://api.semanticscholar.org/CorpusID:155426500}
}

@phdthesis{Franklin-thesis,
	author={Franklin,Jesse},
	year={2024},
	title={Computing the Canonical Ring of Certain Stacks},
	journal={ProQuest Dissertations and Theses},
	pages={218},
	note={Copyright - Database copyright ProQuest LLC; ProQuest does not claim copyright in the individual underlying works; Last updated - 2024-04-05},
	abstract={We compute the canonical ring of some stacks. We first give a detailed account of what this problem means including several proofs of a famous historical example. The main body of work of this thesis expands on our article Franklin-geometry-Drinfeld-modular-forms in describing the geometry of Drinfeld modular forms as sections of a specified line bundle on a certain stacky modular curve. As a consequence of that geometry, we provide a program: one can compute the (log) canonical ring of a stacky curve to determine generators and relations for an algebra of Drinfeld modular forms, answering a problem posed by Gekeler in 1986.},
	keywords={Canonical rings; Drinfeld modular curves; Drinfeld modular forms; Stacks; Mathematics; Theoretical mathematics; 0642:Theoretical Mathematics; 0405:Mathematics},
	isbn={9798382188492},
	language={English},
	url={https://www.proquest.com/dissertations-theses/computing-canonical-ring-certain-stacks/docview/3032998786/se-2},
}


@unpublished{Pellarin-vectorial-Drinfeld-mod-forms,
	TITLE = {{The analytic theory of vectorial Drinfeld modular forms}},
	AUTHOR = {Pellarin, Federico},
	URL = {https://hal.science/hal-02334842},
	NOTE = {To appear in Memoirs AMS},
	YEAR = {2023},
	MONTH = Jul,
	PDF = {https://hal.science/hal-02334842v3/file/VMF-v2.pdf},
	HAL_ID = {hal-02334842},
	HAL_VERSION = {v3},
}

@misc{Chen-Gezmiş-nearly-holomorphic-Drinfeld-modular-forms,
	title={Nearly holomorphic Drinfeld modular forms and their special values at CM points}, 
	author={Yen-Tsung Chen and Oğuz Gezmiş},
	year={2023},
	eprint={2309.01761},
	archivePrefix={arXiv},
	primaryClass={math.NT}
}

@misc{Chen-Gezmiş-partial-derivatives-Drinfeld-modular-forms,
	title={On the partial derivatives of Drinfeld modular forms of arbitrary rank}, 
	author={Yen-Tsung Chen and Oğuz Gezmiş},
	year={2023},
	eprint={2206.13997},
	archivePrefix={arXiv},
	primaryClass={math.NT}
}

@book {Stuhler-Vector-Bundles-on-Curves-New-Directions,
	AUTHOR = {Shrawan Kumar, G\'erard Laumon, Ulrich Stuhler},
	TITLE = {Vector Bundles on Curves - New Directions},
	SERIES = {Lecture Notes in Mathematics},
	VOLUME = {1649},
	PUBLISHER = {Springer Berlin, Heidelberg},
	YEAR = {1995},
	PAGES = {vi+198},
	ISBN = {978-3-540-49701-1},
	DOI = {10.1007/BFb0094423},
	URL = {https://link.springer.com/book/10.1007/BFb0094423},
}

@inproceedings{Mumford-Toda-lattice,
	author = {Mumford, David},
	year = {1978},
	month = {01},
	pages = {115-153},
	title = {An algebro-geometric construction of commuting operators and of solutions to the Toda lattice equation, Korteweg deVries equation and related nonlinear equation},
	journal = {Proceedings of the International Symposium on Algebraic Geometry}
}


@incollection {Reversat-vdPut-Krichever-modules,
	AUTHOR = {van der Put, Marius and Reversat, Marc},
	TITLE = {Krichever modules for difference and differential equations},
	NOTE = {Analyse complexe, syst\`emes dynamiques, sommabilit\'{e} des
	s\'{e}ries divergentes et th\'{e}ories galoisiennes. I},
	JOURNAL = {Ast\'{e}risque},
	FJOURNAL = {Ast\'{e}risque},
	NUMBER = {296},
	YEAR = {2004},
	PAGES = {207--225},
	ISSN = {0303-1179,2492-5926},
	MRCLASS = {12H05 (12H10 39A05 39A13)},
	MRNUMBER = {2136011},
	MRREVIEWER = {Vichian\ Laohakosol},
}

@article {Laumon-Drinfeld-Shtukahs,
	AUTHOR = {Laumon, G\'{e}rard},
	TITLE = {Chtoucas de {D}rinfeld et correspondance de {L}anglands
	(d'apr\`es {L}aurent {L}afforgue)},
	JOURNAL = {Gaz. Math.},
	FJOURNAL = {Gazette des Math\'{e}maticiens},
	NUMBER = {88},
	YEAR = {2001},
	PAGES = {11--33},
	ISSN = {0224-8999,2275-0622},
	MRCLASS = {11G09 (11R39 11R58 14D20 14F05)},
	MRNUMBER = {1829886},
	MRREVIEWER = {Alexey\ A.\ Panchishkin},
}

@misc{Laumon-Krichever-modules,
	title={Sur Les Modules de {K}richever}, 
	author={Laumon, G\'{e}rard},
}

@misc{Klein-Burchnall-Chaundy-Theory,
	title={Burchnall-Chaundy Theory}, 
	author={Sebastian Klein and Eva Lübcke and Martin Ulrich Schmidt and Tobias Simon},
	year={2020},
	eprint={2001.04266},
	archivePrefix={arXiv},
	primaryClass={math.SP}
}

@book {Carlson-Muller-Stach-Peters-Period-maps-period-domains,
	AUTHOR = {Carlson, James and M\"{u}ller-Stach, Stefan and Peters, Chris},
	TITLE = {Period mappings and period domains},
	SERIES = {Cambridge Studies in Advanced Mathematics},
	VOLUME = {168},
	EDITION = {Second},
	PUBLISHER = {Cambridge University Press, Cambridge},
	YEAR = {2017},
	PAGES = {xiv+562},
	ISBN = {978-1-316-63956-6; 978-1-108-42262-8},
	MRCLASS = {32G20 (14C30)},
	MRNUMBER = {3727160},
}

@article {Segal-Wilson-Loop-groups-KdV-eqns,
	AUTHOR = {Segal, Graeme and Wilson, George},
	TITLE = {Loop groups and equations of {K}d{V} type},
	JOURNAL = {Inst. Hautes \'{E}tudes Sci. Publ. Math.},
	FJOURNAL = {Institut des Hautes \'{E}tudes Scientifiques. Publications
	Math\'{e}matiques},
	NUMBER = {61},
	YEAR = {1985},
	PAGES = {5--65},
	ISSN = {0073-8301,1618-1913},
	MRCLASS = {58F07 (14K99 35Q20 58G35)},
	MRNUMBER = {783348},
	MRREVIEWER = {A.\ M.\ Vinogradov},
	URL = {http://www.numdam.org/item?id=PMIHES_1985__61__5_0},
}

@misc{BenZvi-Frenkel-Spectral-Curves-integrable-systems,
	title={Spectral Curves, Opers and Integrable Systems}, 
	author={David Ben-Zvi and Edward Frenkel},
	year={2002},
	eprint={math/9902068},
	archivePrefix={arXiv},
	primaryClass={math.AG}
}

@incollection {Potemine-Drinfeld-Anderson-motives-KP,
	AUTHOR = {Potemine, Igor Yu.},
	TITLE = {Drinfeld-{A}nderson motives and multicomponent {KP} hierarchy},
	BOOKTITLE = {Recent progress in algebra ({T}aejon/{S}eoul, 1997)},
	SERIES = {Contemp. Math.},
	VOLUME = {224},
	PAGES = {213--227},
	PUBLISHER = {Amer. Math. Soc., Providence, RI},
	YEAR = {1999},
	ISBN = {0-8218-0972-5},
	MRCLASS = {11G09 (58F07)},
	MRNUMBER = {1654993},
	MRREVIEWER = {Yoshinori\ Hamahata},
	DOI = {10.1090/conm/224/03197},
	URL = {https://doi.org/10.1090/conm/224/03197},
}

@article{Taelman-CarlitzShtuka,
	title={The Carlitz shtuka},
	volume={131},
	ISSN={0022-314X},
	url={http://dx.doi.org/10.1016/j.jnt.2010.09.004},
	DOI={10.1016/j.jnt.2010.09.004},
	number={3},
	journal={Journal of Number Theory},
	publisher={Elsevier BV},
	author={Taelman, Lenny},
	year={2011},
	month=mar, pages={410–418} }


@article {Drinfeld-commutative-subrings,
	AUTHOR = {Drinfel'd, V. G.},
	TITLE = {Commutative subrings of certain noncommutative rings},
	JOURNAL = {Funkcional. Anal. i Prilo\v{z}en.},
	FJOURNAL = {Akademija Nauk SSSR. Funkcional\cprime nyi Analiz i ego
	Prilo\v{z}enija},
	VOLUME = {11},
	YEAR = {1977},
	NUMBER = {1},
	PAGES = {11--14, 96},
	ISSN = {0374-1990},
	MRCLASS = {14A99 (13C05 35Q99 58F05)},
	MRNUMBER = {476732},
	MRREVIEWER = {Gerhard\ Pfister},
}

@article {Drinfeld-elliptic-modules2,
	AUTHOR = {Drinfel'd, V. G.},
	TITLE = {Elliptic modules. {II}},
	JOURNAL = {Mat. Sb. (N.S.)},
	FJOURNAL = {Matematicheski\u{\i} Sbornik. Novaya Seriya},
	VOLUME = {102(144)},
	YEAR = {1977},
	NUMBER = {2},
	PAGES = {182--194, 325},
	ISSN = {0368-8666},
	MRCLASS = {10D99 (10D15 14G25)},
	MRNUMBER = {439758},
	MRREVIEWER = {P.\ Deligne},
}